<?xml version="1.0" encoding="UTF-8"?><collection xmlns="http://www.loc.gov/MARC21/slim"><record><leader>00358nam--2200145-i-4500</leader><controlfield tag="001">000030726</controlfield><controlfield tag="002">20161230</controlfield><controlfield tag="005">20170127202530</controlfield><controlfield tag="008">060222s1000------------r-----000-0-eng-d</controlfield><datafield ind1=" " ind2=" " tag="100"><subfield code="a">Miller, Henry A</subfield></datafield><datafield ind1=" " ind2=" " tag="245"><subfield code="a">Electronic devices</subfield></datafield><datafield ind1=" " ind2=" " tag="260"><subfield code="a">London</subfield><subfield code="b">Isaac Pitman &amp; Sons, Ltd</subfield><subfield code="c">1948</subfield></datafield><datafield ind1=" " ind2=" " tag="300"><subfield code="a">VIII + 100 p</subfield></datafield><datafield ind1=" " ind2=" " tag="852"><subfield code="a">438</subfield></datafield><datafield ind1=" " ind2=" " tag="CAT"><subfield code="a">SYS</subfield><subfield code="c">20170127</subfield><subfield code="h">202530</subfield></datafield></record></collection>